@inproceedings{Pinto2003,
 author = {Pinto, David and McCallum, Andrew and Wei, Xing and Croft, W. Bruce},
 title = {Table extraction using conditional random fields},
 booktitle = {SIGIR '03: Proceedings of the 26th annual international ACM SIGIR conference on Research and development in informaion retrieval},
 year = {2003},
 isbn = {1-58113-646-3},
 pages = {235--242},
 location = {Toronto, Canada},
 doi = {http://doi.acm.org/10.1145/860435.860479},
 publisher = {ACM},
 address = {New York, NY, USA},
 }

@INPROCEEDINGS{Wang2002,
     author = {Wang, Yalin and Hu, Jianying},
   keywords = {decision tree, information retrieval, layout analysis, machine learning, support vector machine, table detection},
      title = {A machine learning based approach for table detection on the web},
  booktitle = {WWW '02: Proceedings of the 11th international conference on World Wide Web},
       year = {2002},
      pages = {242--250},
  publisher = {ACM},
   location = {Honolulu, Hawaii, USA},
    address = {New York, NY, USA},
       isbn = {1-58113-449-5},
        doi = {10.1145/511446.511478},
}

@INPROCEEDINGS{Krupl2006,
     author = {Kr{\"{u}}pl, Bernhard and Herzog, Marcus},
   keywords = {table detection, web information extraction},
      title = {Visually guided bottom-up table detection and segmentation in web documents},
  booktitle = {WWW '06: Proceedings of the 15th international conference on World Wide Web},
       year = {2006},
      pages = {933--934},
  publisher = {ACM},
   location = {Edinburgh, Scotland},
    address = {New York, NY, USA},
       isbn = {1-59593-323-9},
        doi = {10.1145/1135777.1135951},
}


