@inproceedings{Gibson2005,
	author = {Gibson, David and Punera, Kunal and Tomkins, Andrew},
	title = {The volume and evolution of web page templates},
	booktitle = {WWW '05: Special interest tracks and posters of the 14th international conference on World Wide Web},
	year = {2005},
	isbn = {1-59593-051-5},
	pages = {830--839},
	location = {Chiba, Japan},
	doi = {http://doi.acm.org/10.1145/1062745.1062763},
	publisher = {ACM},
	address = {New York, NY, USA},
}

