@inproceedings{Gibson2005,
	author = {Gibson, David and Punera, Kunal and Tomkins, Andrew},
	title = {The volume and evolution of web page templates},
	booktitle = {WWW '05: Special interest tracks and posters of the 14th international conference on World Wide Web},
	year = {2005},
	isbn = {1-59593-051-5},
	pages = {830--839},
	location = {Chiba, Japan},
	doi = {http://doi.acm.org/10.1145/1062745.1062763},
	publisher = {ACM},
	address = {New York, NY, USA},
}


% (Boser, Guyon e Vapnik, 1992)
@conference{BoserVapnik1992,
  title={{A training algorithm for optimal margin classifiers}},
  author={Boser, B. E. and Guyon, I. M. and Vapnik, V. N.},
  booktitle={Proceedings of the fifth annual workshop on Computational learning theory},
  pages={144--152},
  year={1992},
  organization={ACM New York, NY, USA}
}

% (Burges, 1998)
@article{Burges1998,
  title={{A tutorial on support vector machines for pattern recognition}},
  author={Burges, C. J. C.},
  journal={Data mining and knowledge discovery},
  volume={2},
  number={2},
  pages={121--167},
  year={1998},
  publisher={Springer}
}

% (dos Santos, 2005)
@article{dosSantos2005,
  title={{Aprendizado de Maquina na identificacao de sintagmas nominais: o caso do portugues brasileiro}},
  author={dos Santos, C{\'i}cero Nogueira},
  journal={Master's thesis, Instituto Militar de Engenharia, Rio de Janeiro, RJ},
  year={2006}
}

% (Faria, 2007)
@techreport{Faria2007,
  author={Breno Alberti Faria},
  title={Classificação Textual por {SVMs}},
  institution={Pontifícia Universidade Católica do Rio de Janeiro},
  year={2007},
  note={Projeto Final de Curso},
}

% (Milidiú, dos Santos e Duarte, 2008)
@article{MilidiuSantosDuarte2008,
  title={{Phrase Chunking using Entropy Guided Transformation Learning}},
  author={Milidi{\'u}, Ruy L. and dos Santos, C{\'i}cero Nogueira and Duarte, J{\'u}lio C.},
  journal={Proceedings of ACL2008},
  year={2008}
}

% (Sang e Veenstra, 1999)
@conference{SangVeenstra1999,
  title={{Representing text chunks}},
  author={Sang, E. F. T. K. and Veenstra, J.},
  booktitle={Proceedings of the ninth conference on European chapter of the Association for Computational Linguistics},
  pages={173--179},
  year={1999},
  organization={Association for Computational Linguistics Morristown, NJ, USA}
}

% (Ramshaw e Marcus, 1995)
@conference{RamshawMarcus1995,
  title={{Text chunking using transformation-based learning}},
  author={Ramshaw, L. A. and Marcus, M. P.},
  booktitle={Proceedings of the Third ACL Workshop on Very Large Corpora},
  pages={82--94},
  year={1995},
  organization={Cambridge MA, USA}
}

% (Kudo e Matsumoto, 2001)
@conference{KudoMatsumoto2001,
  title={{Chunking with support vector machines}},
  author={Kudo, T. and Matsumoto, Y.},
  booktitle={Second meeting of the North American Chapter of the Association for Computational Linguistics on Language technologies},
  pages={1--8},
  year={2001}
}

% (Quinlan, 1993)
@book{Quinlan1993,
  title={{C4. 5: programs for machine learning}},
  author={Quinlan, J. R.},
  year={1993},
  publisher={Morgan Kaufmann}
}

% (Silva, 2004)
@article{Silva2004,
  title={{Minera{\c{c}}{\~a}o de Dados--Conceitos, Aplica{\c{c}}{\~o}es e Experimentos com o Weka}},
  author={Silva, M. P. S.},
  journal={Relatorio tecnico, Universidade do Estado do Rio Grande do Norte (UERN) e Instituto Nacional de Pesquisas Espaciais (INPE)},
  year={2004}
}

% (Perini, 2003)
@techreport{Perini2003,
  title={{Gram{\'a}tica Descritiva do Portugu{\^e}s. Editora {\'A}tica, S{\~a}o Paulo, 2003}},
  author={Perini, M. A.},
  institution={ISBN 85-08-05550-1},
  year={2003},
}


@conference{Freitas2005,
  title={{A anota{\c{c}}{\~a}o de um corpus para o aprendizado supervisionado de um modelo de SN}},
  author={de Freitas, Maria Claudia and Uzeda-Garr{\~a}o, Milena and Oliveira, Claudia and dos Santos, C{\'i}cero Nogueira and Silveira, Maria C{\^a}ndida},
  booktitle={Proceedings of the III TIL/XXV Congresso da SBC},
  year={2005}
}


